%% This BibTeX bibliography file was created using BibDesk.
%% http://bibdesk.sourceforge.net/


%% Created for Xiangcheng Ma at 2014-01-07 12:49:20 -0800 


%% Saved with string encoding Unicode (UTF-8) 



@article{ma:13,
	Author = {{Ma}, X.-C. and {Wang}, T.-G.},
	Date-Added = {2014-01-07 20:44:10 +0000},
	Date-Modified = {2014-01-07 20:49:19 +0000},
	Journal = {\mnras},
	Keywords = {general},
	Pages = {{3445-3452}},
	Title = {{The covering factor of warm dust in quasars: a view from the Wide-field Infrared Survey Explorer All-Sky Data Release}},
	Volume = {430},
	Year = {2013}}

@article{oconnor:13,
	Adsurl = {http://adsabs.harvard.edu/abs/2013ApJ...762..126O},
	Archiveprefix = {arXiv},
	Author = {{O'Connor}, E. and {Ott}, C.~D.},
	Doi = {10.1088/0004-637X/762/2/126},
	Eid = {126},
	Eprint = {1207.1100},
	Journal = {\apj},
	Keywords = {equation of state, hydrodynamics, neutrinos, stars: evolution, stars: neutron, supernovae: general},
	Pages = {126},
	Primaryclass = {astro-ph.HE},
	Title = {{The Progenitor Dependence of the Pre-explosion Neutrino Emission in Core-collapse Supernovae}},
	Volume = 762,
	Year = 2013,
	Bdsk-Url-1 = {http://dx.doi.org/10.1088/0004-637X/762/2/126}}
